@article{glanz18,
	author = {Hunter Glanz and Luis Carvalho},
	title = {An expectation-maximization algorithm for the matrix normal distribution with an application in remote sensing},
	year = {2018},
	journal = {Journal of Multivariate Analysis},
	volume = {167},  
	pages = {31--48}}

@article{dawid81,
	author = {Philip Dawid},
	title = {Some matrix-variate distribution theory: Notational considerations and a {B}ayesian application},
	journal = {Biometrika},
	year = {1981},
	volume = {68},
	number = {1},
	pages = {265--274}}

@article{blei06,
	author = {David Blei and Michael Jordan},
	year = {2006},
	title = {Variational inference for {D}irichlet process mixtures},
	journal = {Bayesian Analysis},
	volume = {1},
	number = {1},
	pages = {121--144}}

@article{favaro13,
	author = "Favaro, Stefano and Teh, Yee Whye",
	journal = "Statistical Science",
	number = "3",
	pages = "335--359",
	title = "{MCMC for normalized random measure mixture models}",
	volume = "28",
	year = "2013"
}

@inproceedings{griffiths05,
	author = {Thomas Griffiths and Zoubin Ghahramani},
	year = {2005},
	title = {{Infinite latent feature models and the {I}ndian buffet process}},
	booktitle = {Advances in Neural Information Processing Systems}}

@article{griffin11,
	author = {Jim Griffin and Stephen Walker},
	title = {{Posterior simulation of normalized random measure mixtures}},
	journal = {Journal of Computational and Graphical Statistics},
	volume = {20},
	number = {1},
	pages = {241-259},
	year  = {2011},
}

@article{campbell19,
	author = "Campbell, Trevor and Huggins, Jonathan and How, Jonathan and Broderick, Tamara",
	journal = "Bernoulli",
	number = "2",
	pages = "1256--1288",
	title = "{Truncated random measures}",
	volume = "25",
	year = "2019"
}


@article{kalli11,
	author="Kalli, Maria
	and Griffin, Jim 
	and Walker, Stephen ",
	title="{Slice sampling mixture models}",
	journal="Statistics and Computing",
	year="2011",
	volume="21",
	number="1",
	pages="93--105",
}

@incollection{rosinski01,
	author="Rosi{\'{n}}ski, Jan",
	title="{Series representations of L{\'e}vy processes from the perspective of point processes}",
	booktitle="L{\'e}vy Processes: Theory and Applications",
	year="2001",
	pages="401--415",
	publisher={Springer}
}


@book{meyn93,
	address = {London},
	series = {Communications and {Control} {Engineering}},
	title = {Markov {Chains} and {Stochastic} {Stability}},
	publisher = {Springer-Verlag},
	author = {Meyn, Sean P. and Tweedie, Richard L.},
	year = {1993},
}




@article{damlen99,
	author = {Damlen, P. and Wakefield, J. and Walker, S.},
	title = {{Gibbs sampling for Bayesian non-conjugate and hierarchical models by using auxiliary variables}},
	journal = {Journal of the Royal Statistical Society: Series B (Statistical Methodology)},
	volume = {61},
	number = {2},
	year={1999},
	pages = {331-344},
	keywords = {Gibbs sampler, Hierarchical model, Latent variable, Non-conjugate model},
	year = {1999}
}

@inproceedings{teh07,
	title = 	 {{Stick-breaking construction for the Indian buffet process}},
	author = 	 {Yee Whye Teh and Dilan G{\"o}r{\"u}r and Zoubin Ghahramani},
	booktitle = 	 {Artificial Intelligence and Statistics},
	year = 	 {2007}
}

@article{walker07,
	author = { Stephen   Walker },
	title = {{Sampling the Dirichlet mixture model with slices}},
	journal = {Communications in Statistics - Simulation and Computation},
	volume = {36},
	number = {1},
	pages = {45-54},
	year  = {2007},
}

@article{ranganath18,
	author = {Rajesh Ranganath and David Blei},
	title = {{Correlated random measures}},
	journal = {Journal of the American Statistical Association},
	volume = {113},
	number = {521},
	pages = {417-430},
	year  = {2018},
}

@inproceedings{zhou12,
	title = 	 {{Beta-negative binomial process and Poisson factor analysis}},
	author = 	 {Mingyuan Zhou and Lauren Hannah and David Dunson and Lawrence Carin},
	booktitle = 	 {Artificial Intelligence and Statistics},
	year = 	 {2012},
}

@article{broderick15, 
	author={T. {Broderick} and L. {Mackey} and J. {Paisley} and M. {Jordan}}, 
	journal={IEEE Transactions on Pattern Analysis and Machine Intelligence}, 
	title={{Combinatorial clustering and the beta negative binomial process}}, 
	year={2015}, 
	volume={37}, 
	number={2}, 
	pages={290-306}, 
}

@inproceedings{doshivelez09acc,
	author = {Doshi-Velez, Finale and Ghahramani, Zoubin},
	title = {{Accelerated sampling for the Indian buffet process}},
	booktitle = {International Conference on Machine Learning},
	year = {2009},
}

@inproceedings{doshivelez09paral,
	title = {{Large scale nonparametric Bayesian inference: Data parallelisation in the Indian buffet process}},
	author = {Finale Doshi-velez and Mohamed, Shakir and Ghahramani, Zoubin and David Knowles},
	booktitle = {Advances in Neural Information Processing Systems},
	year = {2009},
}

@article{broderick18,
	author = "Broderick, Tamara and Wilson, Ashia and Jordan, Michael",
	journal = "Bernoulli",
	number = "4",
	pages = "3181--3221",
	title = "{{Posteriors, conjugacy, and exponential families for completely random measures}}",
	volume = "24",
	year = "2018"
}

@inproceedings{thibaux07,
	title = 	 {{Hierarchical Beta processes and the Indian buffet process}},
	author = 	 {Romain Thibaux and Michael Jordan},
	booktitle = 	 {Artificial Intelligence and Statistics},
	year = 	 {2007},
}

@inproceedings{gopalan14,
	title={{Bayesian nonparametric poisson factorization for recommendation systems}},
	author={Gopalan, Prem and Ruiz, Francisco J and Ranganath, Rajesh and Blei, David},
	booktitle={Artificial Intelligence and Statistics},
	year={2014}
}

@article{teh05,
	title={{Sharing clusters among related groups: Hierarchical Dirichlet processes}},
	author={Teh, Yee Whye and Jordan, Michael  and Beal, Matthew and Blei, David},
	booktitle={Advances in Neural Information Processing Systems},
	year={2005}
}

@article{orbanz11,
	title={{Unit--rate Poisson representations of completely random measures}},
	journal={Advances in Applied Probability},
	author={Orbanz, Peter and Williamson, Sinead}
}

@article{bondesson82,
	title={{On simulation from infinitely divisible distributions}},
	author={Bondesson, Lennart},
	journal={Advances in Applied Probability},
	volume={14},
	pages={855--869},
	year={1982},
}

@article{swendsen87,
	title = {{Nonuniversal critical dynamics in Monte Carlo simulations}},
	author = {Swendsen, Robert and Wang, Jian-Sheng},
	journal = {Physical Review Letters},
	volume = {58},
	issue = {2},
	pages = {86--88},
	numpages = {0},
	year = {1987},
}

@article{edwards09,
	title = {{Generalization of the Fortuin-Kasteleyn-Swendsen-Wang representation and Monte Carlo algorithm}},
	author = {Edwards, Robert and Sokal, Alan},
	journal = {Physical Review D},
	volume = {38},
	issue = {6},
	pages = {2009--2012},
	numpages = {0},
	year = {1988},
}


@article{gareth99,
	author = {Gareth O. Roberts and Jeffrey S. Rosenthal},
	journal = {Journal of the Royal Statistical Society. Series B (Statistical Methodology)},
	number = {3},
	pages = {643--660},
	title = {{Convergence of Slice Sampler Markov Chains}},
	volume = {61},
	year = {1999}
}

@article{neal03,
	author = "Neal, Radford",
	journal = "The Annals of Statistics",
	number = "3",
	pages = "705--767",
	title = "{Slice sampling}",
	volume = "31",
	year = "2003"
}

@book{kingman92,
	title={{Poisson Processes}},
	author={Kingman, John},
	publisher={Clarendon Press},
	year={1992}
}

@article{kingman67,
	title={Completely random measures},
	author={Kingman, John},
	journal={Pacific Journal of Mathematics},
	volume={21},
	number={1},
	pages={59--78},
	year={1967},
	publisher={Mathematical Sciences Publishers}
}

@article{ayed19,
	title={{Nonnegative Bayesian nonparametric factor models with completely random measures for community detection}},
	author={Ayed, Fadhel and Caron, Fran{\c{c}}ois},
	journal={arXiv:1902.10693},
	year={2019}
}

@inproceedings{titsias08,
	title={{The infinite gamma-Poisson feature model}},
	author={Titsias, Michalis},
	booktitle={Advances in Neural Information Processing Systems},
	year={2008}
}

@article{tierney94,
	author = "Tierney, Luke",
	journal = "The Annals of Statistics",
	number = "4",
	pages = "1701--1728",
	title = "{Markov chains for exploring posterior distributions}",
	volume = "22",
	year = "1994"
}

@article{roberts97,
	title={{Geometric ergodicity and hybrid Markov chains}},
	author={Roberts, Gareth and Rosenthal, Jeffrey},
	journal={Electronic Communications in Probability},
	volume={2},
	pages={13--25},
	year={1997},
}

@article{flegal10,
	author = "Flegal, James and Jones, Galin",
	journal = "The Annals of Statistics",
	number = "2",
	pages = "1034--1070",
	title = "{Batch means and spectral variance estimators in Markov chain Monte Carlo}",
	volume = "38",
	year = "2010"
}



@article{jordan10,
	title={{Hierarchical models, nested models and completely random measures}},
	author={Jordan, Michael},
	journal={Frontiers of statistical decision making and Bayesian analysis: In honor of James O. Berger. New York: Springer},
	pages={207--218},
	year={2010}
}

@article{cai16,
	title={{Completely random measures for modeling power laws in sparse graphs}},
	author={Cai, Diana and Broderick, Tamara},
	journal={NeurIPS Workshop on Networks in the Social and Information Sciences},
	year={2015}
}

@article{broderick13,
	author = "Broderick, Tamara and Pitman, Jim and Jordan, Michael",
	journal = "Bayesian Analysis",
	number = "4",
	pages = "801--836",
	title = "{Feature Allocations, Probability Functions, and Paintboxes}",
	volume = "8",
	year = "2013"
}

@article{perrone17,
	author  = {Valerio Perrone and Paul Jenkins and Dario Span{{\`o}} and Yee Whye Teh},
	title   = {{Poisson random fields for dynamic feature models}},
	journal = {Journal of Machine Learning Research},
	year    = {2017},
}

@article{blei03,
	title={{Latent Dirichlet allocation}},
	author={Blei, David and Ng, Andrew and Jordan, Michael},
	journal={Journal of Machine Learning Research},
	year={2003}
}

@article{hjort90,
	author = "Hjort, Nils Lid",
	journal = "The Annals of Statistics",
	number = "3",
	pages = "1259--1294",
	title = "{Nonparametric Bayes estimators based on beta processes in models for life history data}",
	volume = "18",
	year = "1990"
}

@article{ferguson72,
	author = "Ferguson, Thomas and Klass, Michael",
	journal = "The Annals of Mathematical Statistics",
	number = "5",
	pages = "1634--1643",
	title = "{A representation of independent increment processes without gaussian components}",
	volume = "43",
	year = "1972"
}

@article{tanner87,
	author = {Martin Tanner and Wing Hung Wong},
	journal = {Journal of the American Statistical Association},
	number = {398},
	pages = {528--540},
	title = {{The calculation of posterior distributions by data augmentation}},
	volume = {82},
	year = {1987}
}

@article{arbel17,
	author="Arbel, Julyan
	and Pr{\"u}nster, Igor",
	title="{A moment-matching Ferguson {\&} Klass algorithm}",
	journal="Statistics and Computing",
	year="2017",
	volume="27",
	number="1",
	pages="3--17",
}


@article{argiento16,
	author="Argiento, Raffaele
	and Bianchini, Ilaria
	and Guglielmi, Alessandra",
	title="{A blocked Gibbs sampler for NGG-mixture models via a priori truncation}",
	journal="Statistics and Computing",
	year="2016",
	volume="26",
	number="3",
	pages="641--661",
}

@inproceedings{doshivelez09var,
	author    = {Finale Doshi and
	Kurt Miller and
	Jurgen Van Gael and
	Yee Whye Teh},
	title     = {{Variational inference for the Indian buffet process}},
	booktitle = {Artificial Intelligence and Statistics},
	year      = {2009},
}

@inproceedings{roychowdhury15,
	title={{Gamma processes, stick-breaking, and variational inference}},
	author={Roychowdhury, Anirban and Kulis, Brian},
	booktitle={Artificial Intelligence and Statistics},
	year={2015}
}

@article{campbell18,
	author = "Campbell, Trevor and Cai, Diana and Broderick, Tamara",
	journal = "Electronic Journal of Statistics",
	pages = "2290--2322",
	title = "{Exchangeable trait allocations}",
	volume = "12",
	year = "2018"
}

@inproceedings{gupta13,
	title={{Factorial multi-task learning: A Bayesian nonparametric approach}},
	author={Gupta, Sunil and Phung, Dinh and Venkatesh, Svetha},
	booktitle={International Conference on Machine Learning},
	year={2013}
}

@inproceedings{paisley12,
	title={{Stick-breaking beta processes and the Poisson process}},
	author={Paisley, John and Blei, David and Jordan, Michael},
	booktitle={Artificial Intelligence and Statistics},
	year={2012}
}

@inproceedings{acharya15,
	title={{Nonparametric Bayesian factor analysis for dynamic count matrices}},
	author={Acharya, Ayan and Ghosh, Joydeep and Zhou, Mingyuan},
	booktitle={Artificial Intelligence and Statistics},
	year={2015}
}

@article{harper15,
	author = {Harper, F. Maxwell and Konstan, Joseph A.},
	title = {{The MovieLens datasets: History and context}},
	journal = {ACM Transactions on Interactive Intelligent Systems},
	volume = {5},
	year = {2015}
} 

@inproceedings{masoero18,
	title={{Posterior representations of hierarchical completely random measures in trait allocation models}},
	author={Masoero, Lorenzo and Federico, Camerlenghi and Stefano, Favaro and Tamara, Broderick},
	booktitle={BNP@NeurIPS2018},
	year={2018}
}

@article{mira01,
	title={{Perfect slice samplers}},
	author={Mira, Antonietta and M{\o}ller, Jesper and Roberts, Gareth O},
	journal={Journal of the Royal Statistical Society: Series B (Statistical Methodology)},
	volume={63},
	pages={593--606},
	year={2001}
}







@article{connor69,
	title={{Concepts of independence for proportions with a generalization of the Dirichlet distribution}},
	author={Connor, Robert J and Mosimann, James E},
	journal={Journal of the American Statistical Association},
	volume={64},
	number={325},
	pages={194--206},
	year={1969},
}

@article{blackwell73,
	title={{Ferguson distributions via P{\'o}lya urn schemes}},
	author={Blackwell, David and MacQueen, James B},
	journal={The annals of statistics},
	volume={1},
	number={2},
	pages={353--355},
	year={1973},
}

@article{sethuraman94,
	title={{A constructive definition of Dirichlet priors}},
	author={Sethuraman, Jayaram},
	journal={Statistica sinica},
	pages={639--650},
	year={1994},
}

@article{pitman97,
	title={{The two-parameter Poisson-Dirichlet distribution derived from a stable subordinator}},
	author={Pitman, Jim and Yor, Marc},
	journal={The Annals of Probability},
	pages={855--900},
	year={1997},
}

@article{regazzini03,
	title={{Distributional results for means of normalized random measures with independent increments}},
	author={Regazzini, Eugenio and Lijoi, Antonio and Pr{\"u}nster, Igor},
	journal={The Annals of Statistics},
	volume={31},
	number={2},
	pages={560--585},
	year={2003},
}

@article{ferguson73,
	title={{A Bayesian analysis of some nonparametric problems}},
	author={Ferguson, Thomas S},
	journal={The annals of statistics},
	pages={209--230},
	year={1973},
}

@article{griffiths11,
	title={{The Indian buffet process: An introduction and review}},
	author={Griffiths, Thomas and Ghahramani, Zoubin},
	journal={Journal of Machine Learning Research},
	volume={12},
	pages={1185--1224},
	year={2011}
}

@inproceedings{paisley10,
	title={{A stick-breaking construction of the beta process}},
	author={Paisley, John W and Zaas, Aimee K and Woods, Christopher W and Ginsburg, Geoffrey S and Carin, Lawrence},
	booktitle={International Conference on Machine Learning},
	pages={847--854},
	year={2010}
}

@article{broderick12,
	title={{Beta processes, stick-breaking and power laws}},
	author={Broderick, Tamara and Jordan, Michael and Pitman, Jim},
	journal={Bayesian analysis},
	volume={7},
	number={2},
	pages={439--476},
	year={2012},
}

@book{aldous85,
	title={{Exchangeability and related topics}},
	author={Aldous, David J},
	booktitle={{\'E}cole d'{\'E}t{\'e} de Probabilit{\'e}s de Saint-Flour XIII—1983},
	pages={1--198},
	year={1985},
	publisher={Springer}
}


@article{roberts06,
	title = {Harris recurrence of {Metropolis}-within-{Gibbs} and trans-dimensional {Markov} chains},
	volume = {16},
	number = {4},
	urldate = {2020-06-18},
	journal = {The Annals of Applied Probability},
	author = {Roberts, Gareth O. and Rosenthal, Jeffrey S.},
	year = {2006},
	pages = {2123--2139},
}


@misc{geyer98,
	title={{Markov chain Monte Carlo Lecture Notes}},
	author={Geyer, Charles J},
	year={1998}
}

@inproceedings{dubey20,
	title={{Distributed, partially collapsed MCMC for Bayesian nonparametrics}},
	author={Dubey, Avinava and Zhang, Michael Minyi and Xing, Eric P and Williamson, Sinead A},
	booktitle={Artificial Intelligence and Statistics},
	year={2020}
}

@inproceedings{meeds07,
	title={{Modeling dyadic data with binary latent factors}},
	author={Meeds, Edward and Ghahramani, Zoubin and Neal, Radford and Roweis, Sam},
	booktitle={Advances in Neural Information Processing Systems},
	year={2007}
}

@article{jain07,
	title={{Splitting and merging components of a nonconjugate Dirichlet process mixture model}},
	author={Jain, Sonia and Neal, Radford},
	journal={Bayesian Analysis},
	volume={2},
	number={3},
	year={2007},
}

@article{rosinski90,
	title={{On series representations of infinitely divisible random vectors}},
	author={Rosi{\'{n}}ski, Jan},
	journal={The Annals of Probability},
	pages={405--430},
	year={1990},
}

@article{james09,
	title={{Posterior analysis for normalized random measures with independent increments}},
	author={James, Lancelot F and Lijoi, Antonio and Pr{\"u}nster, Igor},
	journal={Scandinavian Journal of Statistics},
	volume={36},
	number={1},
	pages={76--97},
	year={2009},
	publisher={Wiley Online Library}
}

@article{roberts99,
	title={{Convergence of slice sampler Markov chains}},
	author={Roberts, Gareth O and Rosenthal, Jeffrey S},
	journal={Journal of the Royal Statistical Society: Series B (Statistical Methodology)},
	volume={61},
	number={3},
	pages={643--660},
	year={1999},
	publisher={Wiley Online Library}
}

@inproceedings{miller13,
	title={{A simple example of Dirichlet process mixture inconsistency for the number of components}},
	author={Miller, Jeffrey W and Harrison, Matthew T},
	booktitle={Advances in Neural Information Processing Systems},
	year={2013}
}

@article{hoppe84,
	title={{P{\'o}lya-like urns and the Ewens' sampling formula}},
	author={Hoppe, Fred M},
	journal={Journal of Mathematical Biology},
	volume={20},
	number={1},
	pages={91--94},
	year={1984},
	publisher={Springer}
}


@inproceedings{rasmussen00,
	title={{The infinite Gaussian mixture model}},
	author={Rasmussen, Carl Edward},
	booktitle={Advances in Neural Information Processing Systems},
	pages={554--560},
	year={2000}
}

@article{pitman02,
	title={{Combinatorial stochastic processes}},
	author={Pitman, Jim},
	year={2002},
	institution={Technical Report 621, Dept. Statistics, UC Berkeley, 2002. Lecture notes for St. Flour course}
}

@article{nguyen20,
	title={{Independent finite approximations for Bayesian nonparametric inference: construction, error bounds, and practical implications}},
	author={Nguyen, Tin D and Huggins, Jonathan and Masoero, Lorenzo and Mackey, Lester and Broderick, Tamara},
	journal={arXiv preprint arXiv:2009.10780},
	year={2020}
}

@inproceedings{zhu20,
	author = {Peiyuan Zhu and Alexandre Bouchard-C{\^o}t{\'e} and Trevor Campbell},
	year = {2020},
	title = {{Slice sampling for general completely random measures}},
	booktitle = {Uncertainty in Artificial Intelligence}
}

@inproceedings{akaho08,
	title={Information Geometry of Contrastive Divergence.},
	author={Akaho, Shotaro and Takabatake, Kazuya},
	booktitle={ITSL},
	pages={3--9},
	year={2008}
}

@inproceedings{campbell_beronov19,
	author = {Campbell, Trevor and Beronov, Boyan},
	booktitle = {Advances in Neural Information Processing Systems},
	title = {{Sparse Variational Inference: Bayesian Coresets from Scratch}},
	year = {2019}
}

